@article{kruesi2009aurorae,
  title={Aurorae are not mirror images},
  author={Kruesi, Lisa},
  journal={Astronomy},
  volume={37},
  number={11},
  year={2009}
}
@book{мизун1983полярные,
  title={Полярные сияния},
  author={Мизун, Юрий Гаврилович},
  year={1983},
  publisher={Наука}
}
@article{булат1974оптические,
  title={Оптические явления в природе},
  author={Булат, ВЛ},
  publisher={Просвещение},
  year={1974}
}
@article{александров2001полярные,
  title={Полярные сияния},
  author={Александров, НЛ},
  journal={Соросовский образовательный журнал},
  volume={7},
  number={5},
  year={2001}
}
@article{зверева1988мире,
  title={В мире солнечного света},
  author={Зверева, СВ},
  publisher={Гидрометеоиздат},
  year={1988}
}
@article{исаев1980полярные,
  title={Полярные сияния},
  author={Исаев, СИ},
  publisher={Книж. изд-во},
  year={1980}
}
@book{мишин1989взаимодействие,
  title={Взаимодействие электронных потоков с ионосферной плазмой},
  author={Мишин, Р and others},
  year={1989},
  publisher={Гидрометеоиздат}
}