@article{александров2004введение,
  title={Введение в теорию множеств и общую топологию},
  author={Александров, Павел Сергеевич},
  year={2004},
  publisher={УРСС}
}
@book{greenwood2012chemistry,
  title={Chemistry of the Elements},
  author={Greenwood, Norman Neill and Earnshaw, Alan},
  year={2012},
  publisher={Elsevier}
}